date,transaction_details,debit,credit,balance
01 Mar 2026,TRANSFER FROM 97157002351/IMPS/P2A/60 5921758006/ /ICITEZAGsIoI/GOOGL/BR ANCH : ATM SERVICE BRANCH,-,"1,400.00","5,282,572.44"
01 Mar 2026,TRANSFER FROM 94964000120 NEFT/UTIB/UTIBN6202603 0131821427/PAYTM PAYM//BRANCH : MUMBAI FORT,-,392.80,"5,282,965.24"
01 Mar 2026,TRANSFER FROM 94934000125 NEFT/YESB/YESBN120260 30101010214/PAYTM PAYM//BRANCH : MUMBAI FORT,-,"2,449.02","5,285,414.26"
01 Mar 2026,TRANSFER FROM 97157002351 /IMPS/P2A/606013847060/ /ICITEZAG8kFI/GOOGLE IN/BRANCH : ATM Date Transaction Details Debits Credits Balance SERVICE BRANCH,-,975.00,"5,286,389.26"
01 Mar 2026,TRANSFER FROM 97157002351 /IMPS/P2A/606013892385/ /ICITEZAGChND/GOOGLE IN/BRANCH : ATM SERVICE BRANCH,-,"1,800.00","5,288,189.26"
01 Mar 2026,TRANSFER TO 97158002350 Srinivasan L /01013101030094/CNRB/Fu nd T//IMPS/P2A/60601361657 8//BRANCH : ATM SERVICE BRANCH,"500,000.00",-,"4,788,189.26"
01 Mar 2026,TRANSFER TO 88907002357 /IMPS COMMISSION CHARGES/606013616578// BRANCH : ATM SERVICE BRANCH,18.00,-,"4,788,171.26"
01 Mar 2026,TRANSFER TO 95567011647 NEOGROWTH CREDIT PRIIDIB0000000013738418 /BRANCH : SERVICE BRANCH (CHENNAI),"3,839.00",-,"4,784,332.26"
01 Mar 2026,TRANSFER FROM 97157002351 /IMPS/P2A/606015087386/ /ICITEZAG2QOt/GOOGLE IN/BRANCH : ATM SERVICE BRANCH,-,300.00,"4,784,632.26"
01 Mar 2026,TRANSFER FROM 97157002351 /IMPS/P2A/606019592525/ /ICITEZAGTlmu/GOOGLE IN/BRANCH : ATM SERVICE BRANCH,-,300.00,"4,784,932.26"
01 Mar 2026,TRANSFER FROM 97157002351 Date Transaction Details Debits Credits Balance /IMPS/P2A/606019636903/ /ICITEZAGxNPb/GOOGLE IN/BRANCH : ATM SERVICE BRANCH,-,975.00,"4,785,907.26"
02 Mar 2026,TRANSFER FROM 94962000122 NEFT/YESB/YESBN120260 30200524833/PAYTM PAYM//BRANCH : MUMBAI FORT,-,"8,314.00","4,794,221.26"
02 Mar 2026,"INW_CLG :ClgInwPr: MIRAGE OPTIVISI,ChqNo:665810, /BRANCH : SERVICE BRANCH (CHENNAI)/Chq No:000665810",737.00,-,"4,793,484.26"
02 Mar 2026,TRANSFER TO 97158002350 Srinivasan L /01013101030094/CNRB/Fu nd T//IMPS/P2A/60611068597 9//BRANCH : ATM SERVICE BRANCH,"500,000.00",-,"4,293,484.26"
02 Mar 2026,TRANSFER TO 88907002357 /IMPS COMMISSION CHARGES/606110685979// BRANCH : ATM SERVICE BRANCH,18.00,-,"4,293,466.26"
02 Mar 2026,TRANSFER TO 96071059833 BAJAJ _EMI- 20260302- BAJ29796060071778- /BRANCH : ALLAHABAD BANK CMS HUB,"23,007.00",-,"4,270,459.26"
02 Mar 2026,TRANSFER TO 94163011643 NEOGROWTH CREDIT PRIIDIB0000000013738418 /BRANCH : SERVICE BRANCH (CHENNAI),"3,839.00",-,"4,266,620.26"
02 Mar 2026,"INW_CLG :ClgInwPr: Date Transaction Details Debits Credits Balance SANKAR AND CO V,ChqNo:864503, /BRANCH : SERVICE BRANCH (CHENNAI)/Chq No:000864503","130,203.00",-,"4,136,417.26"
02 Mar 2026,Branch-TOWN HALL ROAD /Paid to SELF /BRANCH : TOWN HALL ROAD/Chq No:000864504,"50,000.00",-,"4,086,417.26"
02 Mar 2026,"INW_CLG :ClgInwPr: NAKODA OPTICALS,ChqNo:864502, /BRANCH : SERVICE BRANCH (CHENNAI)/Chq No:000864502","129,960.00",-,"3,956,457.26"
02 Mar 2026,"INW_CLG :ClgInwPr: JK VISION CARE ,ChqNo:864501, /BRANCH : SERVICE BRANCH (CHENNAI)/Chq No:000864501","20,000.00",-,"3,936,457.26"
02 Mar 2026,TRANSFER FROM 97157002351 /IMPS/P2A/606118068783/ /ICITEZAGE3Gn/GOOGLE IN/BRANCH : ATM SERVICE BRANCH,-,"1,500.00","3,937,957.26"
02 Mar 2026,TRANSFER FROM 97157002351 /IMPS/P2A/606118183188/ /ICITEZAGamJX/GOOGLE IN/BRANCH : ATM SERVICE BRANCH,-,800.00,"3,938,757.26"
02 Mar 2026,TRANSFER FROM 97157002351 /IMPS/P2A/606119252408/ /ICITEZAGV8AO/GOOGLE IN/BRANCH : ATM SERVICE BRANCH,-,"1,400.00","3,940,157.26"
03 Mar 2026,TRANSFER FROM Date Transaction Details Debits Credits Balance 97165000127 NEFT/YESB/YESBN120260 30300946554/PAYTM PAYM//BRANCH : MUMBAI FORT,-,"8,123.70","3,948,280.96"
03 Mar 2026,TRANSFER TO 97158002350 Srinivasan L /01013101030094/CNRB/Fu nd T//IMPS/P2A/60621080079 2//BRANCH : ATM SERVICE BRANCH,"500,000.00",-,"3,448,280.96"
03 Mar 2026,TRANSFER TO 88907002357 /IMPS COMMISSION CHARGES/606210800792// BRANCH : ATM SERVICE BRANCH,18.00,-,"3,448,262.96"
03 Mar 2026,"INW_CLG :ClgInwPr: BUNTY TOYS ,ChqNo:335271, /BRANCH : SERVICE BRANCH (CHENNAI)/Chq No:000335271","47,000.00",-,"3,401,262.96"
03 Mar 2026,"INW_CLG :ClgInwPr: BUNTY TOYS ,ChqNo:335270, /BRANCH : SERVICE BRANCH (CHENNAI)/Chq No:000335270","50,000.00",-,"3,351,262.96"
03 Mar 2026,TRANSFER FROM 97157002351 /IMPS/P2A/606213773434/ /ICITEZAGET7U/GOOGLE IN/BRANCH : ATM SERVICE BRANCH,-,"1,000.00","3,352,262.96"
03 Mar 2026,TRANSFER FROM 97157002351 /IMPS/P2A/606213774953/ /ICITEZAGB0a0/GOOGLE IN/BRANCH : ATM SERVICE BRANCH Date Transaction Details Debits Credits Balance,-,100.00,"3,352,362.96"
03 Mar 2026,TRANSFER FROM 97157002351 /IMPS/P2A/606213849721/ /ICITEZAGb3MS/GOOGLE IN/BRANCH : ATM SERVICE BRANCH,-,637.00,"3,352,999.96"
03 Mar 2026,TRANSFER TO 95569011645 NEOGROWTH CREDIT PRIIDIB0000000013738418 /BRANCH : SERVICE BRANCH (CHENNAI),"3,839.00",-,"3,349,160.96"
03 Mar 2026,TRANSFER TO 95569011645 KISETSU03032026 CAMSIDIB00271025000294 25/BRANCH : SERVICE BRANCH (CHENNAI),"94,119.00",-,"3,255,041.96"
03 Mar 2026,TRANSFER FROM 97157002351 /IMPS/P2A/606215987796/ /ICITEZAGxpM8/GOOGLE IN/BRANCH : ATM SERVICE BRANCH,-,800.00,"3,255,841.96"
03 Mar 2026,TRANSFER FROM 97157002351 /IMPS/P2A/606215006826/ /ICITEZAG9wgf/GOOGLE IN/BRANCH : ATM SERVICE BRANCH,-,"4,300.00","3,260,141.96"
03 Mar 2026,TRANSFER FROM 97157002351 /IMPS/P2A/606216129308/ /ICITEZAGxTzu/GOOGLE IN/BRANCH : ATM SERVICE BRANCH,-,100.00,"3,260,241.96"
03 Mar 2026,TRANSFER FROM 97157002351 /IMPS/P2A/606218381173/ /ICITEZAGVf9Z/GOOGLE IN/BRANCH : ATM Date Transaction Details Debits Credits Balance SERVICE BRANCH,-,"6,500.00","3,266,741.96"
03 Mar 2026,TRANSFER FROM 97157002351 /IMPS/P2A/606219612178/ /ICITEZAGAPlX/GOOGLE IN/BRANCH : ATM SERVICE BRANCH,-,"5,000.00","3,271,741.96"
04 Mar 2026,TRANSFER FROM 97163000129 NEFT/YESB/YESBN120260 30400239221/PAYTM PAYM//BRANCH : MUMBAI FORT,-,975.00,"3,272,716.96"
04 Mar 2026,TRANSFER TO 97158002350 Srinivasan L /01013101030094/CNRB/Fu nd T//IMPS/P2A/60631089946 6//BRANCH : ATM SERVICE BRANCH,"500,000.00",-,"2,772,716.96"
04 Mar 2026,TRANSFER TO 88907002357 /IMPS COMMISSION CHARGES/606310899466// BRANCH : ATM SERVICE BRANCH,18.00,-,"2,772,698.96"
04 Mar 2026,TRANSFER FROM 97157002351 /IMPS/P2A/606312827195/ /ICITEZAGsVj0/GOOGLE IN/BRANCH : ATM SERVICE BRANCH,-,"1,400.00","2,774,098.96"
04 Mar 2026,TRANSFER TO 95567011647 NEOGROWTH CREDIT PRIIDIB0000000013738418 /BRANCH : SERVICE BRANCH (CHENNAI),"3,839.00",-,"2,770,259.96"
04 Mar 2026,TRANSFER FROM 97157002351 /IMPS/P2A/60631632426 Date Transaction Details Debits Credits Balance 7/ /ICITEZAGHQg0/GOOGLE IN/BRANCH : ATM SERVICE BRANCH,-,728.00,"2,770,987.96"
04 Mar 2026,TRANSFER FROM 97157002351 /IMPS/P2A/606317332900/ /ICITEZAGnUIE/GOOGLE IN/BRANCH : ATM SERVICE BRANCH,-,975.00,"2,771,962.96"
04 Mar 2026,TRANSFER FROM 97157002351 /IMPS/P2A/606319606120/ /ICITEZAGzBJR/GOOGLE IN/BRANCH : ATM SERVICE BRANCH,-,"1,050.00","2,773,012.96"
04 Mar 2026,TRANSFER FROM 97157002351 /IMPS/P2A/606319630975/ /ICITEZAGxTZe/GOOGLE IN/BRANCH : ATM SERVICE BRANCH,-,"3,300.00","2,776,312.96"
05 Mar 2026,TRANSFER FROM 97162000120 NEFT/YESB/YESBN120260 30500372442/PAYTM PAYM//BRANCH : MUMBAI FORT,-,"1,115.52","2,777,428.48"
05 Mar 2026,TRANSFER TO 97158002350 BHAGATS I SPACE /0913020052800321/UTIB/ BHAG//IMPS/P2A/6064109 83281//BRANCH : ATM SERVICE BRANCH,"8,450.00",-,"2,768,978.48"
05 Mar 2026,TRANSFER TO 88907002357 /IMPS COMMISSION CHARGES/606410983281// BRANCH : ATM SERVICE BRANCH Date Transaction Details Debits Credits Balance,3.00,-,"2,768,975.48"
05 Mar 2026,"TRANSFER TO 89634002359 Txn Amt.76,083.00 Charges. 5.61/LAST / P/NEFT/HDFC/IDIBN52026 030532227049/PROCESSO / /BRANCH : TOWN HALL ROAD","76,088.61",-,"2,692,886.87"
05 Mar 2026,"TRANSFER TO 89634002359 Txn Amt. 1,69,652.00 Charges. 17.41/ADERS/TR/NEFT/UTI B/IDIBN5202603053222775 1/ALANKAR / /BRANCH : TOWN HALL ROAD","169,669.41",-,"2,523,217.46"
05 Mar 2026,TRANSFER FROM 97157002351 /IMPS/P2A/606410690590/ /ICITEZAGljEl/GOOGLE IN/BRANCH : ATM SERVICE BRANCH,-,"2,300.00","2,525,517.46"
05 Mar 2026,TRANSFER FROM 97157002351 /IMPS/P2A/606412888183/ /ICITEZAGhE6R/GOOGLE IN/BRANCH : ATM SERVICE BRANCH,-,950.00,"2,526,467.46"
05 Mar 2026,TRANSFER FROM 97157002351 /IMPS/P2A/606413063723/ /ICITEZAGahAT/GOOGLE IN/BRANCH : ATM SERVICE BRANCH,-,"1,600.00","2,528,067.46"
05 Mar 2026,TRANSFER TO 8104035948/SANGEETHA BALAMURUGAN /SANGEETHA BALAMURUGAN /BRANCH : TOWN HALL ROAD/Chq No:000864509,"8,437.00",-,"2,519,630.46"
05 Mar 2026,Branch-TOWN HALL ROAD /Paid to M PRAVEENA /BRANCH : Date Transaction Details Debits Credits Balance TOWN HALL ROAD/Chq No:000864507,"9,750.00",-,"2,509,880.46"
05 Mar 2026,Branch-TOWN HALL ROAD /Paid to P SANTHI ESWARI/BRANCH : TOWN HALL ROAD/Chq No:000864505,"43,333.00",-,"2,466,547.46"
05 Mar 2026,Branch-TOWN HALL ROAD /Paid to G HEMALATHA /BRANCH : TOWN HALL ROAD/Chq No:000864506,"20,250.00",-,"2,446,297.46"
05 Mar 2026,TRANSFER TO 94175011649 TATACAPITALFINANCIALI DIB7012912251006130/BR ANCH : SERVICE BRANCH (CHENNAI),"36,776.00",-,"2,409,521.46"
05 Mar 2026,TRANSFER TO 95586011644 Axis Finance LimitedIDIB0000000012370 785/BRANCH : SERVICE BRANCH (CHENNAI),"437,590.00",-,"1,971,931.46"
05 Mar 2026,TRANSFER TO 95586011644 Axis Finance LimitedIDIB0000000013517 561/BRANCH : SERVICE BRANCH (CHENNAI),"14,635.00",-,"1,957,296.46"
05 Mar 2026,TRANSFER TO 95576011646 NEOGROWTH CREDIT PRIIDIB0000000013738418 /BRANCH : SERVICE BRANCH (CHENNAI),"3,839.00",-,"1,953,457.46"
05 Mar 2026,Branch-TOWN HALL ROAD /Paid to S KAVYA /BRANCH : TOWN HALL ROAD/Chq No:000864508 Date Transaction Details Debits Credits Balance,"11,917.00",-,"1,941,540.46"
05 Mar 2026,TRANSFER FROM 97157002351 /IMPS/P2A/606416637785/ /ICITEZAGW031/GOOGLE IN/BRANCH : ATM SERVICE BRANCH,-,900.00,"1,942,440.46"
05 Mar 2026,TRANSFER FROM 97157002351 /IMPS/P2A/606416675144/ /ICITEZAG9K3Z/GOOGLE IN/BRANCH : ATM SERVICE BRANCH,-,500.00,"1,942,940.46"
05 Mar 2026,TRANSFER FROM 97157002351 /IMPS/P2A/606418945429/ /ICITEZAGUlbR/GOOGLE IN/BRANCH : ATM SERVICE BRANCH,-,350.00,"1,943,290.46"
05 Mar 2026,TRANSFER FROM 97157002351 /IMPS/P2A/606418959035/ /ICITEZAGQmTK/GOOGLE IN/BRANCH : ATM SERVICE BRANCH,-,"1,000.00","1,944,290.46"
06 Mar 2026,TRANSFER FROM 94958000127 NEFT/UTIB/UTIBN6202603 0696748267/GOOGLE IND//BRANCH : MUMBAI FORT,-,50.00,"1,944,340.46"
06 Mar 2026,TRANSFER FROM 94964000120 NEFT/UTIB/UTIBN6202603 0697117204/GOOGLE IND//BRANCH : MUMBAI FORT,-,500.00,"1,944,840.46"
06 Mar 2026,TRANSFER FROM 97157002351 /IMPS/P2A/606513443517/ /ICITEZAGSmRu/GOOGLE IN/BRANCH : ATM SERVICE BRANCH Date Transaction Details Debits Credits Balance,-,"2,852.00","1,947,692.46"
06 Mar 2026,TRANSFER FROM 97157002351 /IMPS/P2A/606514549649/ /ICITEZAGF4Mm/GOOGLE IN/BRANCH : ATM SERVICE BRANCH,-,"7,000.00","1,954,692.46"
06 Mar 2026,TRANSFER FROM 97157002351 /IMPS/P2A/606514587137/ /ICITEZAGuUBE/GOOGLE IN/BRANCH : ATM SERVICE BRANCH,-,"5,200.00","1,959,892.46"
06 Mar 2026,"INW_CLG :ClgInwPr: JAGADAMBA OPTIC,ChqNo:671102, /BRANCH : SERVICE BRANCH (CHENNAI)/Chq No:000671102","218,338.00",-,"1,741,554.46"
06 Mar 2026,TRANSFER TO 94163011643 NEOGROWTH CREDIT PRIIDIB0000000013738418 /BRANCH : SERVICE BRANCH (CHENNAI),"3,839.00",-,"1,737,715.46"
06 Mar 2026,TRANSFER FROM 97157002351 /IMPS/P2A/606515705459/ /ICITEZAG6ddb/GOOGLE IN/BRANCH : ATM SERVICE BRANCH,-,250.00,"1,737,965.46"
06 Mar 2026,TRANSFER FROM 97157002351 /IMPS/P2A/606517004280/ /ICITEZAG3wGN/GOOGLE IN/BRANCH : ATM SERVICE BRANCH,-,250.00,"1,738,215.46"
06 Mar 2026,TRANSFER FROM 97157002351 /IMPS/P2A/606517063680/ /ICITEZAGCAZh/GOOGLE IN/BRANCH : ATM SERVICE BRANCH Date Transaction Details Debits Credits Balance,-,"2,200.00","1,740,415.46"
06 Mar 2026,TRANSFER TO 94994002359 TIN PAYMENT/2603060083604 1 /BRANCH : CORE BANKING DATA CENTRE,"7,000.00",-,"1,733,415.46"
06 Mar 2026,TANGEDCO ONLINE PAYMENT (DIRECT DEBIT ) ACCOUNT /TRANSFER TO 808260086/TNEB/0503401 2376/840625894032026/ /BRANCH : CORE BANKING DATA CENTRE,"8,802.00",-,"1,724,613.46"
06 Mar 2026,TRANSFER FROM 97157002351 /IMPS/P2A/606518190911/ /ICITEZAG0zbQ/GOOGLE IN/BRANCH : ATM SERVICE BRANCH,-,"2,000.00","1,726,613.46"
06 Mar 2026,TRANSFER FROM 97167000125 NEFT/UTIB/UTIBN6202603 0600368467/GOOGLE IND//BRANCH : MUMBAI FORT,-,50.00,"1,726,663.46"
06 Mar 2026,TRANSFER FROM 97157002351 /IMPS/P2A/606520512251/ /ICITEZAGifKH/GOOGLE IN/BRANCH : ATM SERVICE BRANCH,-,800.00,"1,727,463.46"
07 Mar 2026,TRANSFER FROM 97157002351 /IMPS/P2A/606609038005/ /ICITEZAG58pj/GOOGLE IN/BRANCH : ATM SERVICE BRANCH,-,450.00,"1,727,913.46"
07 Mar 2026,TRANSFER FROM 97157002351 /IMPS/P2A/606609043083/ /ICITEZAGAIp5/GOOGLE IN/BRANCH : ATM SERVICE BRANCH Date Transaction Details Debits Credits Balance,-,350.00,"1,728,263.46"
07 Mar 2026,TRANSFER FROM 97157002351 /IMPS/P2A/606613640767/ /ICITEZAGbNng/GOOGLE IN/BRANCH : ATM SERVICE BRANCH,-,400.00,"1,728,663.46"
07 Mar 2026,"TRANSFER TO 89634002359 Txn Amt.51,585.00 Charges. 5.61/l /ca/NEFT/SBIN/IDIBN52026 030732672155/RAJ OPTI/ /BRANCH : TOWN HALL ROAD","51,590.61",-,"1,677,072.85"
07 Mar 2026,TRANSFER TO 95568011646 NEOGROWTH CREDIT PRIIDIB0000000013738418 /BRANCH : SERVICE BRANCH (CHENNAI),"3,839.00",-,"1,673,233.85"
07 Mar 2026,"INW_CLG :ClgInwPr: AXIS AGENCIES ,ChqNo:665765, /BRANCH : SERVICE BRANCH (CHENNAI)/Chq No:000665765","25,000.00",-,"1,648,233.85"
07 Mar 2026,TRANSFER FROM 97157002351 /IMPS/P2A/606618276332/ /ICITEZAGMGJk/GOOGLE IN/BRANCH : ATM SERVICE BRANCH,-,"2,500.00","1,650,733.85"
07 Mar 2026,TRANSFER FROM 97157002351 /IMPS/P2A/606618333299/ /ICITEZAG6Mvl/GOOGLE IN/BRANCH : ATM SERVICE BRANCH,-,600.00,"1,651,333.85"
07 Mar 2026,TRANSFER FROM 97157002351 /IMPS/P2A/606618358322/ /ICITEZAGA8Gj/GOOGLE IN/BRANCH : ATM Date Transaction Details Debits Credits Balance SERVICE BRANCH,-,200.00,"1,651,533.85"
07 Mar 2026,TRANSFER FROM 97157002351 /IMPS/P2A/606619373510/ /ICITEZAGU6Nd/GOOGLE IN/BRANCH : ATM SERVICE BRANCH,-,520.00,"1,652,053.85"
07 Mar 2026,TRANSFER FROM 97157002351 /IMPS/P2A/606621691912/ /ICITEZAGz0Vc/GOOGLE IN/BRANCH : ATM SERVICE BRANCH,-,256.00,"1,652,309.85"
07 Mar 2026,TRANSFER FROM 97157002351 /IMPS/P2A/606621709817/ /ICITEZAGiZB4/GOOGLE IN/BRANCH : ATM SERVICE BRANCH,-,"2,000.00","1,654,309.85"
08 Mar 2026,TRANSFER FROM 94961000123 NEFT/YESB/YESBN120260 30800537243/PAYTM PAYM//BRANCH : MUMBAI FORT,-,"4,808.78","1,659,118.63"
08 Mar 2026,TRANSFER FROM 97157002351 /IMPS/P2A/606710158636/ /ICITEZAGxMCa/GOOGLE IN/BRANCH : ATM SERVICE BRANCH,-,500.00,"1,659,618.63"
08 Mar 2026,TRANSFER FROM 94967000127 NEFT/UTIB/UTIBN6202603 0823782820/GOOGLE IND//BRANCH : MUMBAI FORT,-,"2,500.00","1,662,118.63"
08 Mar 2026,TRANSFER FROM 97157002351 /IMPS/P2A/60671239752 Date Transaction Details Debits Credits Balance 6/ /ICITEZAGP5E6/GOOGLE IN/BRANCH : ATM SERVICE BRANCH,-,"7,000.00","1,669,118.63"
08 Mar 2026,TRANSFER FROM 97157002351 /IMPS/P2A/606712399959/ /ICITEZAGsZTU/GOOGLE IN/BRANCH : ATM SERVICE BRANCH,-,"3,000.00","1,672,118.63"
08 Mar 2026,TRANSFER TO 95567011647 NEOGROWTH CREDIT PRIIDIB0000000013738418 /BRANCH : SERVICE BRANCH (CHENNAI),"3,839.00",-,"1,668,279.63"
08 Mar 2026,TRANSFER FROM 97157002351 /IMPS/P2A/606716705196/ /ICITEZAGWgQO/GOOGLE IN/BRANCH : ATM SERVICE BRANCH,-,800.00,"1,669,079.63"
08 Mar 2026,TRANSFER FROM 97157002351 /IMPS/P2A/606719007911/ /ICITEZAG6rGO/GOOGLE IN/BRANCH : ATM SERVICE BRANCH,-,330.00,"1,669,409.63"
08 Mar 2026,TRANSFER FROM 97157002351 /IMPS/P2A/606720057114/ /ICITEZAGce25/GOOGLE IN/BRANCH : ATM SERVICE BRANCH,-,100.00,"1,669,509.63"
08 Mar 2026,TRANSFER FROM 97157002351 /IMPS/P2A/606720061636/ /ICITEZAGnmEa/GOOGLE IN/BRANCH : ATM SERVICE BRANCH Date Transaction Details Debits Credits Balance,-,"2,200.00","1,671,709.63"
08 Mar 2026,TRANSFER FROM 97157002351 /IMPS/P2A/606720077460/ /ICITEZAGyIex/GOOGLE IN/BRANCH : ATM SERVICE BRANCH,-,"3,000.00","1,674,709.63"
08 Mar 2026,TRANSFER FROM 97157002351 /IMPS/P2A/606720087715/ /ICITEZAGBSHM/GOOGLE IN/BRANCH : ATM SERVICE BRANCH,-,700.00,"1,675,409.63"
09 Mar 2026,TRANSFER FROM 97157002351 /IMPS/P2A/606809563352/ /ICITEZAGrUoz/GOOGLE IN/BRANCH : ATM SERVICE BRANCH,-,"2,000.00","1,677,409.63"
09 Mar 2026,"INW_CLG :ClgInwPr: NO 1 TELE ADVER,ChqNo:864510, /BRANCH : SERVICE BRANCH (CHENNAI)/Chq No:000864510","5,000.00",-,"1,672,409.63"
09 Mar 2026,TRANSFER TO 95571011641 NEOGROWTH CREDIT PRIIDIB0000000013738418 /BRANCH : SERVICE BRANCH (CHENNAI),"3,839.00",-,"1,668,570.63"
09 Mar 2026,TRANSFER FROM 97157002351 /IMPS/P2A/606818836497/ /ICITEZAGxkjk/GOOGLE IN/BRANCH : ATM SERVICE BRANCH,-,"3,500.00","1,672,070.63"
09 Mar 2026,TRANSFER FROM 97157002351 /IMPS/P2A/606818856516/ /ICITEZAGxEOx/GOOGLE IN/BRANCH : ATM SERVICE BRANCH Date Transaction Details Debits Credits Balance,-,250.00,"1,672,320.63"
09 Mar 2026,TRANSFER FROM 97157002351 /IMPS/P2A/606819931907/ /ICITEZAGNypn/GOOGLE IN/BRANCH : ATM SERVICE BRANCH,-,"1,500.00","1,673,820.63"
09 Mar 2026,TRANSFER FROM 97157002351 /IMPS/P2A/606819038062/ /ICITEZAG0jzI/GOOGLE IN/BRANCH : ATM SERVICE BRANCH,-,"1,000.00","1,674,820.63"
09 Mar 2026,TRANSFER FROM 97157002351 /IMPS/P2A/606820134350/ /ICITEZAG4njG/GOOGLE IN/BRANCH : ATM SERVICE BRANCH,-,500.00,"1,675,320.63"
10 Mar 2026,TRANSFER FROM 94967000127 NEFT/YESB/YESBN120260 31000470734/PAYTM PAYM//BRANCH : MUMBAI FORT,-,"1,183.65","1,676,504.28"
10 Mar 2026,"TRANSFER TO 89634002359 Txn Amt. 2,818.00 Charges. 2.66/CHARGES /N /NEFT/UTIB/IDIBN5202603 1033039571/AXIS FIN/ /BRANCH : TOWN HALL ROAD","2,820.66",-,"1,673,683.62"
10 Mar 2026,"TRANSFER TO 89634002359 Txn Amt. 1,05,810.00 Charges. 17.41/DULE CHARGES /CH/NEFT/UTIB/IDIBN5202 6031033051238/AXIS FIN/ /BRANCH : TOWN HALL ROAD","105,827.41",-,"1,567,856.21"
10 Mar 2026,TRANSFER FROM 97157002351 /IMPS/P2A/606912301910/ Date Transaction Details Debits Credits Balance /ICITEZAGVuy4/GOOGLE IN/BRANCH : ATM SERVICE BRANCH,-,900.00,"1,568,756.21"
10 Mar 2026,TRANSFER FROM 97157002351 /IMPS/P2A/606913381589/ /ICITEZAGQUHS/GOOGLE IN/BRANCH : ATM SERVICE BRANCH,-,975.00,"1,569,731.21"
10 Mar 2026,TRANSFER TO 95586011644 NEOGROWTH CREDIT PRIIDIB0000000013738418 /BRANCH : SERVICE BRANCH (CHENNAI),"3,839.00",-,"1,565,892.21"
10 Mar 2026,TRANSFER FROM 97157002351 /IMPS/P2A/606918167318/ /ICITEZAGzaEZ/GOOGLE IN/BRANCH : ATM SERVICE BRANCH,-,"1,900.00","1,567,792.21"
10 Mar 2026,TRANSFER FROM 97157002351 /IMPS/P2A/606919301082/ /ICITEZAGD2e6/GOOGLE IN/BRANCH : ATM SERVICE BRANCH,-,975.00,"1,568,767.21"
11 Mar 2026,TRANSFER FROM 97165000127 NEFT/YESB/YESBN120260 31100245341/PAYTM PAYM//BRANCH : MUMBAI FORT,-,965.78,"1,569,732.99"
11 Mar 2026,TRANSFER FROM 97162000120 NEFT/YESB/YESBN120260 31100910197/PAYTM PAYM//BRANCH : MUMBAI FORT,-,"13,702.64","1,583,435.63"
11 Mar 2026,TRANSFER FROM 97157002351 Date Transaction Details Debits Credits Balance /IMPS/P2A/607010215873/ /ICITEZAGT6Ft/GOOGLE IN/BRANCH : ATM SERVICE BRANCH,-,"2,000.00","1,585,435.63"
11 Mar 2026,TRANSFER FROM 97157002351 /IMPS/P2A/607013571653/ /ICITEZAGD43Y/GOOGLE IN/BRANCH : ATM SERVICE BRANCH,-,"4,000.00","1,589,435.63"
11 Mar 2026,TRANSFER TO 96285011649 Mandate Reg Chgs -08032026 : IDIB0004032600/BRANCH : SERVICE BRANCH (CHENNAI),135.70,-,"1,589,299.93"
11 Mar 2026,TRANSFER FROM 97157002351 /IMPS/P2A/607014757143/ /ICITEZAGZNoR/GOOGLE IN/BRANCH : ATM SERVICE BRANCH,-,800.00,"1,590,099.93"
11 Mar 2026,"TRANSFER TO 89634002359 Txn Amt. 1,50,000.00 Charges. 17.41/L /CA/NEFT/SBIN/IDIBN5202 6031133306853/RAJ OPTI/ /BRANCH : TOWN HALL ROAD","150,017.41",-,"1,440,082.52"
11 Mar 2026,TRANSFER TO 95569011645 NEOGROWTH CREDIT PRIIDIB0000000013738418 /BRANCH : SERVICE BRANCH (CHENNAI),"3,839.00",-,"1,436,243.52"
11 Mar 2026,TRANSFER FROM 97157002351 /IMPS/P2A/607017245125/ /ICITEZAGhEgM/GOOGLE IN/BRANCH : ATM SERVICE BRANCH Date Transaction Details Debits Credits Balance,-,850.00,"1,437,093.52"
11 Mar 2026,TRANSFER FROM 97157002351 /IMPS/P2A/607018324985/ /ICITEZAG8dV7/GOOGLE IN/BRANCH : ATM SERVICE BRANCH,-,"1,500.00","1,438,593.52"
11 Mar 2026,TRANSFER FROM 94967000127 NEFT/UTIB/UTIBN6202603 1161011231/GOOGLE IND//BRANCH : MUMBAI FORT,-,260.00,"1,438,853.52"
11 Mar 2026,TRANSFER FROM 97157002351 /IMPS/P2A/607020569522/ /ICITEZAGyq7T/GOOGLE IN/BRANCH : ATM SERVICE BRANCH,-,600.00,"1,439,453.52"
11 Mar 2026,TRANSFER TO 99501002356 Omni Billdesk/1768494421458568 531 /BRANCH : CORE BANKING DATA CENTRE,588.82,-,"1,438,864.70"
11 Mar 2026,TRANSFER TO 99501002356 Omni Billdesk/1768494423116731 771 /BRANCH : CORE BANKING DATA CENTRE,585.64,-,"1,438,279.06"
11 Mar 2026,TRANSFER TO 99501002356 Omni Billdesk/1768494424051745 135 /BRANCH : CORE BANKING DATA CENTRE,527.36,-,"1,437,751.70"
11 Mar 2026,TRANSFER TO 99501002356 Omni Billdesk/1768494426023335 139 /BRANCH : CORE BANKING DATA CENTRE Date Transaction Details Debits Credits Balance,577.64,-,"1,437,174.06"
11 Mar 2026,TRANSFER TO 99501002356 Omni Billdesk/1768494427452431 192 /BRANCH : CORE BANKING DATA CENTRE,577.64,-,"1,436,596.42"
11 Mar 2026,TRANSFER TO 99501002356 Omni Billdesk/1768494428645407 533 /BRANCH : CORE BANKING DATA CENTRE,577.64,-,"1,436,018.78"
12 Mar 2026,TRANSFER FROM 97164000128 NEFT/YESB/YESBN120260 31200254062/PAYTM PAYM//BRANCH : MUMBAI FORT,-,"1,800.00","1,437,818.78"
12 Mar 2026,TRANSFER FROM 97157002351 /IMPS/P2A/607111366789/ /ICITEZAGFUYo/GOOGLE IN/BRANCH : ATM SERVICE BRANCH,-,975.00,"1,438,793.78"
12 Mar 2026,TRANSFER FROM 97157002351 /IMPS/P2A/607112493808/ /ICITEZAG2Gkb/GOOGLE IN/BRANCH : ATM SERVICE BRANCH,-,"1,000.00","1,439,793.78"
12 Mar 2026,TRANSFER FROM 97157002351 /IMPS/P2A/607112537997/ /ICITEZAGQJxG/GOOGLE IN/BRANCH : ATM SERVICE BRANCH,-,"2,500.00","1,442,293.78"
12 Mar 2026,TRANSFER FROM 97160000121 NEFT/UTIB/UTIBN6202603 1271516801/GOOGLE IND//BRANCH : MUMBAI FORT Date Transaction Details Debits Credits Balance,-,50.00,"1,442,343.78"
12 Mar 2026,TRANSFER TO 95567011647 NEOGROWTH CREDIT PRIIDIB0000000013738418 /BRANCH : SERVICE BRANCH (CHENNAI),"3,839.00",-,"1,438,504.78"
12 Mar 2026,TRANSFER FROM 97157002351 /IMPS/P2A/607117228565/ /ICITEZAGRzoc/GOOGLE IN/BRANCH : ATM SERVICE BRANCH,-,"1,700.00","1,440,204.78"
12 Mar 2026,TRANSFER FROM 97157002351 /IMPS/P2A/607117298647/ /ICITEZAGs9mK/GOOGLE IN/BRANCH : ATM SERVICE BRANCH,-,450.00,"1,440,654.78"
12 Mar 2026,TRANSFER FROM 97157002351 /IMPS/P2A/607118368003/ /ICITEZAGBqSf/GOOGLE IN/BRANCH : ATM SERVICE BRANCH,-,900.00,"1,441,554.78"
12 Mar 2026,TRANSFER FROM 97157002351 /IMPS/P2A/607118429195/ /ICITEZAGj0LJ/GOOGLE IN/BRANCH : ATM SERVICE BRANCH,-,"1,700.00","1,443,254.78"
12 Mar 2026,TRANSFER FROM 97157002351 /IMPS/P2A/607119894615/ /IMPS/NOVELTYLIVIN /BRANCH : ATM SERVICE BRANCH,-,"5,200.00","1,448,454.78"
12 Mar 2026,TRANSFER FROM 97157002351 /IMPS/P2A/607120630043/ /ICITEZAGsPpJ/GOOGLE IN/BRANCH : ATM SERVICE BRANCH Date Transaction Details Debits Credits Balance,-,"2,100.00","1,450,554.78"
12 Mar 2026,TRANSFER FROM 97157002351 /IMPS/P2A/607120632883/ /ICITEZAGKEUq/GOOGLE IN/BRANCH : ATM SERVICE BRANCH,-,"1,600.00","1,452,154.78"
13 Mar 2026,TRANSFER FROM 94964000120 NEFT/YESB/YESBN120260 31300722070/PAYTM PAYM//BRANCH : MUMBAI FORT,-,"3,975.00","1,456,129.78"
13 Mar 2026,"INW_CLG :ClgInwPr: MADHANGI ENTERP,ChqNo:864511, /BRANCH : SERVICE BRANCH (CHENNAI)/Chq No:000864511",590.00,-,"1,455,539.78"
13 Mar 2026,TRANSFER TO 95569011645 NEOGROWTH CREDIT PRIIDIB0000000013738418 /BRANCH : SERVICE BRANCH (CHENNAI),"3,839.00",-,"1,451,700.78"
13 Mar 2026,TRANSFER FROM 97157002351 /IMPS/P2A/607215999720/ /ICITEZAGlr0p/GOOGLE IN/BRANCH : ATM SERVICE BRANCH,-,"8,300.00","1,460,000.78"
13 Mar 2026,TRANSFER FROM 97157002351 /IMPS/P2A/607218353721/ /ICITEZAGWK3C/GOOGLE IN/BRANCH : ATM SERVICE BRANCH,-,"24,000.00","1,484,000.78"
13 Mar 2026,TRANSFER FROM 97157002351 /IMPS/P2A/607219538033/ /ICITEZAGasVw/GOOGLE IN/BRANCH : ATM SERVICE BRANCH Date Transaction Details Debits Credits Balance,-,"4,000.00","1,488,000.78"
13 Mar 2026,TRANSFER FROM 97157002351 /IMPS/P2A/607219588000/ /ICITEZAGoUV4/GOOGLE IN/BRANCH : ATM SERVICE BRANCH,-,"2,600.00","1,490,600.78"
13 Mar 2026,TRANSFER FROM 97157002351 /IMPS/P2A/607220634646/ /ICITEZAGYGMF/GOOGLE IN/BRANCH : ATM SERVICE BRANCH,-,"5,300.00","1,495,900.78"
13 Mar 2026,TRANSFER FROM 97157002351 /IMPS/P2A/607221722427/ /ICITEZAGzZlS/GOOGLE IN/BRANCH : ATM SERVICE BRANCH,-,"1,000.00","1,496,900.78"
13 Mar 2026,TRANSFER FROM 97157002351 /IMPS/P2A/607221748891/ /ICITEZAGySWO/GOOGLE IN/BRANCH : ATM SERVICE BRANCH,-,"3,200.00","1,500,100.78"
14 Mar 2026,TRANSFER FROM 94965000129 NEFT/UTIB/UTIBN6202603 1486240647/PAYTM PAYM//BRANCH : MUMBAI FORT,-,975.00,"1,501,075.78"
14 Mar 2026,TRANSFER FROM 94963000121 NEFT/UTIB/UTIBN6202603 1486711735/PAYTM PAYM//BRANCH : MUMBAI FORT,-,354.00,"1,501,429.78"
14 Mar 2026,TRANSFER FROM 97157002351 /IMPS/P2A/607310267250/ /ICITEZAG2idt/GOOGLE IN/BRANCH : ATM SERVICE BRANCH Date Transaction Details Debits Credits Balance,-,250.00,"1,501,679.78"
14 Mar 2026,TRANSFER FROM 97157002351 /IMPS/P2A/607312513844/ /ICITEZAG62al/GOOGLE IN/BRANCH : ATM SERVICE BRANCH,-,"1,900.00","1,503,579.78"
14 Mar 2026,TRANSFER FROM 97157002351 /IMPS/P2A/607314668719/ /ICITEZAGi6tM/GOOGLE IN/BRANCH : ATM SERVICE BRANCH,-,260.00,"1,503,839.78"
14 Mar 2026,TRANSFER TO 95570011641 NEOGROWTH CREDIT PRIIDIB0000000013738418 /BRANCH : SERVICE BRANCH (CHENNAI),"3,839.00",-,"1,500,000.78"
14 Mar 2026,TRANSFER FROM 97157002351 /IMPS/P2A/607315779606/ /ICITEZAGCV77/GOOGLE IN/BRANCH : ATM SERVICE BRANCH,-,300.00,"1,500,300.78"
14 Mar 2026,TRANSFER FROM 94967000127 NEFT/UTIB/UTIBN6202603 1498354980/AXIS FINAN//BRANCH : MUMBAI FORT,-,"2,818.00","1,503,118.78"
14 Mar 2026,TRANSFER FROM 97157002351 /IMPS/P2A/607321495653/ /ICITEZAGZ7x8/GOOGLE IN/BRANCH : ATM SERVICE BRANCH,-,"2,500.00","1,505,618.78"
14 Mar 2026,TRANSFER FROM 97157002351 /IMPS/P2A/607322562753/ /ICITEZAGj2Um/GOOGLE IN/BRANCH : ATM SERVICE BRANCH Date Transaction Details Debits Credits Balance,-,"1,000.00","1,506,618.78"
15 Mar 2026,TRANSFER FROM 97167000125 NEFT/UTIB/UTIBN6202603 1599602982/PAYTM PAYM//BRANCH : MUMBAI FORT,-,250.00,"1,506,868.78"
15 Mar 2026,TRANSFER FROM 97157002351 /IMPS/P2A/607409898524/ /ICITEZAGlB3E/GOOGLE IN/BRANCH : ATM SERVICE BRANCH,-,"2,250.00","1,509,118.78"
15 Mar 2026,TRANSFER FROM 97157002351 /IMPS/P2A/607411038768/ /ICITEZAGnQla/GOOGLE IN/BRANCH : ATM SERVICE BRANCH,-,"1,500.00","1,510,618.78"
15 Mar 2026,TRANSFER FROM 97157002351 /IMPS/P2A/607411060561/ /ICITEZAG7DlG/GOOGLE IN/BRANCH : ATM SERVICE BRANCH,-,"5,100.00","1,515,718.78"
15 Mar 2026,TRANSFER FROM 97157002351 /IMPS/P2A/607412138812/ /ICITEZAGgxQq/GOOGLE IN/BRANCH : ATM SERVICE BRANCH,-,700.00,"1,516,418.78"
15 Mar 2026,TRANSFER FROM 97157002351 /IMPS/P2A/607412159490/ /ICITEZAGdrDJ/GOOGLE IN/BRANCH : ATM SERVICE BRANCH,-,975.00,"1,517,393.78"
15 Mar 2026,TRANSFER FROM 97157002351 /IMPS/P2A/607413185166/ /ICITEZAGFpN0/GOOGLE IN/BRANCH : ATM Date Transaction Details Debits Credits Balance SERVICE BRANCH,-,250.00,"1,517,643.78"
15 Mar 2026,TRANSFER FROM 97169000123 NEFT/UTIB/UTIBN6202603 1507845223/GOOGLE IND//BRANCH : MUMBAI FORT,-,50.00,"1,517,693.78"
15 Mar 2026,TRANSFER TO 95567011647 NEOGROWTH CREDIT PRIIDIB0000000013738418 /BRANCH : SERVICE BRANCH (CHENNAI),"3,839.00",-,"1,513,854.78"
15 Mar 2026,TRANSFER FROM 97157002351 /IMPS/P2A/607416449190/ /ICITEZAGSZb7/GOOGLE IN/BRANCH : ATM SERVICE BRANCH,-,"1,400.00","1,515,254.78"
15 Mar 2026,TRANSFER FROM 97157002351 /IMPS/P2A/607417544854/ /ICITEZAGPMQX/GOOGLE IN/BRANCH : ATM SERVICE BRANCH,-,975.00,"1,516,229.78"
15 Mar 2026,TRANSFER FROM 97157002351 /IMPS/P2A/607417552675/ /ICITEZAGvvmt/GOOGLE IN/BRANCH : ATM SERVICE BRANCH,-,"1,700.00","1,517,929.78"
15 Mar 2026,TRANSFER FROM 97157002351 /IMPS/P2A/607417569818/ /ICITEZAGymX5/GOOGLE IN/BRANCH : ATM SERVICE BRANCH,-,"5,100.00","1,523,029.78"
15 Mar 2026,TRANSFER FROM 97157002351 /IMPS/P2A/60741857919 Date Transaction Details Debits Credits Balance 1/ /ICITEZAGOzid/GOOGLE IN/BRANCH : ATM SERVICE BRANCH,-,"2,400.00","1,525,429.78"
15 Mar 2026,TRANSFER FROM 97157002351 /IMPS/P2A/607418660811/ /ICITEZAG3kne/GOOGLE IN/BRANCH : ATM SERVICE BRANCH,-,"2,000.00","1,527,429.78"
15 Mar 2026,TRANSFER FROM 97157002351 /IMPS/P2A/607420778962/ /ICITEZAGyURZ/GOOGLE IN/BRANCH : ATM SERVICE BRANCH,-,"4,700.00","1,532,129.78"
16 Mar 2026,TRANSFER FROM 94965000129 NEFT/YESB/YESBN120260 31607498490/PAYTM PAYM//BRANCH : MUMBAI FORT,-,"2,840.00","1,534,969.78"
16 Mar 2026,TRANSFER TO 97258002356 GST PAYMENT/2603330015408 5/33ANDPS0549N1ZP /BRANCH : CORE BANKING DATA CENTRE,"29,505.00",-,"1,505,464.78"
16 Mar 2026,TRANSFER FROM 97157002351 /IMPS/P2A/607512662001/ /ICITEZAGy4VT/GOOGLE IN/BRANCH : ATM SERVICE BRANCH,-,"1,700.00","1,507,164.78"
16 Mar 2026,TRANSFER FROM 97157002351 /IMPS/P2A/607515085716/ /ICITEZAGTBjP/GOOGLE IN/BRANCH : ATM SERVICE BRANCH Date Transaction Details Debits Credits Balance,-,600.00,"1,507,764.78"
16 Mar 2026,TRANSFER TO 95567011647 NEOGROWTHCREDITPLT D IDIB0000000013738418/BR ANCH : SERVICE BRANCH (CHENNAI),"3,839.00",-,"1,503,925.78"
16 Mar 2026,TRANSFER FROM 97157002351 /IMPS/P2A/607518537745/ /ICITEZAGIoZm/GOOGLE IN/BRANCH : ATM SERVICE BRANCH,-,"10,000.00","1,513,925.78"
16 Mar 2026,TRANSFER FROM 97157002351 /IMPS/P2A/607518564175/ /ICITEZAG63qP/GOOGLE IN/BRANCH : ATM SERVICE BRANCH,-,550.00,"1,514,475.78"
16 Mar 2026,TRANSFER FROM 97157002351 /IMPS/P2A/607518569729/ /ICITEZAGAlxw/GOOGLE IN/BRANCH : ATM SERVICE BRANCH,-,"2,500.00","1,516,975.78"
17 Mar 2026,TRANSFER FROM 97157002351/IMPS/P2A/60 7523053222/ /ICITEZAG6k0R/GOOGL/B RANCH : ATM SERVICE BRANCH,-,1.00,"1,516,976.78"
17 Mar 2026,TRANSFER FROM 97157002351/IMPS/P2A/60 7523059758/ /ICITEZAG5hJP/GOOGL/B RANCH : ATM SERVICE BRANCH,-,400.00,"1,517,376.78"
17 Mar 2026,TRANSFER FROM 97157002351/IMPS/P2A/60 7523070013/ /ICITEZAGYMAu/GOOGL/B RANCH : ATM SERVICE BRANCH Date Transaction Details Debits Credits Balance,-,1.00,"1,517,377.78"
17 Mar 2026,TRANSFER FROM 97157002351/IMPS/P2A/60 7523070238/ /ICITEZAGoFtF/GOOGL/BR ANCH : ATM SERVICE BRANCH,-,1.00,"1,517,378.78"
17 Mar 2026,TRANSFER FROM 94967000127 NEFT/UTIB/UTIBN6202603 1620881226/AXIS FINAN//BRANCH : MUMBAI FORT,-,"105,810.00","1,623,188.78"
17 Mar 2026,TRANSFER FROM 97161000121 NEFT/UTIB/UTIBN6202603 1621062047/GOOGLE IND//BRANCH : MUMBAI FORT,-,1.00,"1,623,189.78"
17 Mar 2026,TRANSFER FROM 97164000128 NEFT/YESB/YESBN120260 31702090834/PAYTM PAYM//BRANCH : MUMBAI FORT,-,"5,443.93","1,628,633.71"
17 Mar 2026,TRANSFER FROM 97157002351 /IMPS/P2A/607612821354/ /ICITEZAGFOQU/GOOGLE IN/BRANCH : ATM SERVICE BRANCH,-,"2,500.00","1,631,133.71"
17 Mar 2026,"INW_CLG :ClgInwPr: AXIS AGENCIES ,ChqNo:665766, /BRANCH : SERVICE BRANCH (CHENNAI)/Chq No:000665766","25,000.00",-,"1,606,133.71"
17 Mar 2026,TRANSFER FROM 97157002351 /IMPS/P2A/607613011615/ /ICITEZAGcWgp/GOOGLE IN/BRANCH : ATM SERVICE BRANCH Date Transaction Details Debits Credits Balance,-,"1,700.00","1,607,833.71"
17 Mar 2026,TRANSFER TO 95567011647 NEOGROWTHCREDITPLT D IDIB0000000013738418/BR ANCH : SERVICE BRANCH (CHENNAI),"3,839.00",-,"1,603,994.71"
17 Mar 2026,"INW_CLG :ClgInwPr: GALOREBAY OPTIX,ChqNo:665793, /BRANCH : SERVICE BRANCH (CHENNAI)/Chq No:000665793","20,000.00",-,"1,583,994.71"
17 Mar 2026,TRANSFER FROM 97157002351 /IMPS/P2A/607619840953/ /ICITEZAGnvir/GOOGLE IN/BRANCH : ATM SERVICE BRANCH,-,500.00,"1,584,494.71"
17 Mar 2026,TRANSFER FROM 97157002351 /IMPS/P2A/607620951801/ /ICITEZAGdPm1/GOOGLE IN/BRANCH : ATM SERVICE BRANCH,-,925.00,"1,585,419.71"
18 Mar 2026,TRANSFER FROM 97160000121 NEFT/YESB/YESBN120260 31800526001/PAYTM PAYM//BRANCH : MUMBAI FORT,-,"5,970.44","1,591,390.15"
18 Mar 2026,TRANSFER FROM 94961000123 NEFT/UTIB/UTIBN6202603 1842285612/GOOGLE IND//BRANCH : MUMBAI FORT,-,"2,200.00","1,593,590.15"
18 Mar 2026,TRANSFER FROM 97157002351 /IMPS/P2A/607712796443/ /ICITEZAGMBKf/GOOGLE IN/BRANCH : ATM SERVICE BRANCH Date Transaction Details Debits Credits Balance,-,"6,890.00","1,600,480.15"
18 Mar 2026,"INW_CLG :ClgInwPr: VISION RX LAB P,ChqNo:665746, /BRANCH : SERVICE BRANCH (CHENNAI)/Chq No:000665746","18,577.00",-,"1,581,903.15"
18 Mar 2026,TRANSFER FROM 97157002351 /IMPS/P2A/607712898981/ /ICITEZAGrnCy/GOOGLE IN/BRANCH : ATM SERVICE BRANCH,-,"3,000.00","1,584,903.15"
18 Mar 2026,TRANSFER FROM 97157002351 /IMPS/P2A/607713037957/ /ICITEZAG09Ji/GOOGLE IN/BRANCH : ATM SERVICE BRANCH,-,300.00,"1,585,203.15"
18 Mar 2026,TRANSFER TO 95567011647 NEOGROWTHCREDITPLT D IDIB0000000013738418/BR ANCH : SERVICE BRANCH (CHENNAI),"3,839.00",-,"1,581,364.15"
18 Mar 2026,"TRANSFER TO 89634002359 Txn Amt. 1,05,810.00 Charges. 17.41/NEFT/UTIB/IDIBN520 26031834344100/AXIS FIN/ /Axis Reschdule charges /BRANCH : TOWN HALL ROAD","105,827.41",-,"1,475,536.74"
18 Mar 2026,BILL DESK INDIAN BANK MGT BRANCH AGGREGATOR NOMINA/TRANSFER TO 876710424BILLDESK- CINB91Z1F106WH/BSNLP OST/ /BRANCH : CORE BANKING DATA CENTRE,589.00,-,"1,474,947.74"
